@article{Moeng2007,
author = {Moeng, C-H. and Dudhia, Jimy and Klemp, Joe and Sullivan, Peter},
doi = {10.1175/MWR3406.1},
issn = {0027-0644},
journal = {Monthly Weather Review},
mendeley-groups = {nesting / coupling/NWP-LES to NWP-LES},
month = jun,
number = {6},
pages = {2295--2311},
title = {{Examining Two-Way Grid Nesting for Large Eddy Simulation of the PBL Using the WRF Model}},
url = {http://journals.ametsoc.org/doi/abs/10.1175/MWR3406.1},
volume = {135},
year = {2007}
}

@article{Nozu2008,
	author = {Nozu, Tsuyoshi and Tamura, Tetsuro and Okuda, Yasuo and Sanada, Satoshi},
	doi = {10.1016/j.jweia.2008.02.028},
	issn = {01676105},
	journal = {Journal of Wind Engineering and Industrial Aerodynamics},
	keywords = {field measurement data,les,nested grid,strong wind field,wind pressure},
	mendeley-groups = {nesting / coupling/RANS to LES},
	month = oct,
	number = {10-11},
	pages = {1762--1773},
	title = {{LES of the flow and building wall pressures in the center of Tokyo}},
	url = {http://linkinghub.elsevier.com/retrieve/pii/S0167610508000457},
	volume = {96},
	year = {2008}
}


@book{Pope2000,
	author = {Pope, Stephen},
	isbn = {978-0-521-59886-6},
	pages = {773},
	publisher = {Cambridge University Press},
	title = {{Turbulent Flows}},
	url = {www.cambridge.org/9780521598866},
	year = {2000}
}

@book{Stull1988,
	author = {Stull, Roland B.},
	isbn = {978-94-009-3027-8},
	pages = {671},
	publisher = {Kluwer Academic Publishers},
	title = {{An Introduction to Boundary Layer Meteorology}},
	year = {1988}
}

@article{Lilly1992,
	author = {Lilly, D. K.},
	doi = {10.1063/1.858280},
	issn = {08998213},
	journal = {Physics of Fluids A: Fluid Dynamics},
	number = {3},
	pages = {633},
	title = {{A proposed modification of the Germano subgrid-scale closure method}},
	url = {http://scitation.aip.org/content/aip/journal/pofa/4/3/10.1063/1.858280},
	volume = {4},
	year = {1992}
}

@article{Smagorinsky1963,
	author = {Smagorinsky, J.},
	doi = {10.1126/science.27.693.594},
	isbn = {1520-0493},
	issn = {0036-8075},
	journal = {Monthly Weather Review},
	number = {3},
	pages = {99--164},
	pmid = {17754781},
	title = {{General circulation experiments wiht the primitive equations I. The basic experiment}},
	volume = {91},
	year = {1963}
}
